<?xml version="1.0" encoding="UTF-8"?><record xmlns="http://www.loc.gov/MARC21/slim" xmlns:cinclude="http://apache.org/cocoon/include/1.0" xmlns:zs="http://www.loc.gov/zing/srw/">
  <leader>00540cz  a2200157n  4500</leader>
  <controlfield tag="001">n  81134214 </controlfield>
  <controlfield tag="003">DLC</controlfield>
  <controlfield tag="005">20140920073743.0</controlfield>
  <controlfield tag="008">811119n| azannaabn          |a aaa      </controlfield>
  <datafield tag="010" ind1=" " ind2=" ">
    <subfield code="a">n  81134214 </subfield>
  </datafield>
  <datafield tag="035" ind1=" " ind2=" ">
    <subfield code="a">(OCoLC)oca00679074</subfield>
  </datafield>
  <datafield tag="040" ind1=" " ind2=" ">
    <subfield code="a">DLC</subfield>
    <subfield code="b">eng</subfield>
    <subfield code="e">rda</subfield>
    <subfield code="c">DLC</subfield>
    <subfield code="d">DLC</subfield>
    <subfield code="d">DNLM</subfield>
  </datafield>
  <datafield tag="100" ind1="1" ind2=" ">
    <subfield code="a">Piot, Maurice</subfield>
  </datafield>
  <datafield tag="400" ind1="1" ind2=" ">
    <subfield code="a">Piot, M.</subfield>
    <subfield code="q">(Maurice)</subfield>
  </datafield>
  <datafield tag="670" ind1=" " ind2=" ">
    <subfield code="a">McMahon, R. On being in charge, 1980 (a.e.)</subfield>
    <subfield code="b">t.p. (Maurice Piot)</subfield>
  </datafield>
  <datafield tag="670" ind1=" " ind2=" ">
    <subfield code="a">Flahault, D. The supervision of health personnel ... 1988:</subfield>
    <subfield code="b">t.p. (M. Piot, formerly sr. medical officer, WHO, Geneva)</subfield>
  </datafield>
</record>